%% Da mettere dove vuoi la bibliografia, togliendo i commenti:
%%
%% \addcontentsline{toc}{chapter}{Bibliografia}
%% \bibliographystyle{unsrt}
%% \bibliography{biblio}
%%

@Misc{D0_c,
  OPTkey = 	 {},
  author = 	 {Fermi National Accelerator
  Laboratory},
  title = 	 {D0},
  howpublished ={\url{https://web.fnal.gov/experiment/dzeroexhibit/SitePages/Introduction.aspx}},
  OPTmonth = 	 {},
  OPTyear = 	 {},
  OPTnote = 	 {},
  OPTannote = 	 {}
}


@Misc{Slaclab,
  OPTkey = 	 {},
  author = 	 {Stanford Linear Accelerator Center},
  title = 	 {PEP-II},
  howpublished ={\url{http://www-public.slac.stanford.edu/babar/default.aspx}},
  OPTmonth = 	 {},
  OPTyear = 	 {},
  OPTnote = 	 {},
  OPTannote = 	 {}
}

@Misc{Keklab,
  OPTkey = 	 {},
  author = 	 {High Energy Accelerator Research Organisation},
  title = 	 {KEKB},
  howpublished ={\url{http://www.kek.jp/en/Facility/ACCL/KEKBRing/}},
  OPTmonth = 	 {},
  OPTyear = 	 {},
  OPTnote = 	 {},
  OPTannote = 	 {}
}


@Misc{Cernlab_a,
  OPTkey = 	 {},
  author = 	 {Conseil Europ\'een pour la Recherche
  Nucl\'eaire},
  title = 	 {LHC},
  howpublished ={\url{http://home.web.cern.ch/topics/large-hadron-collider}},
  OPTmonth = 	 {},
  OPTyear = 	 {},
  OPTnote = 	 {},
  OPTannote = 	 {}
}


@Misc{Cernlab,
  OPTkey = 	 {},
  author = 	 {Conseil Europ\'een pour la Recherche
  Nucl\'eaire},
  title = 	 {LEP},
  howpublished ={\url{http://home.web.cern.ch/about/accelerators/large-electron-positron-collider}},
  OPTmonth = 	 {},
  OPTyear = 	 {},
  OPTnote = 	 {},
  OPTannote = 	 {}
}


@Misc{Fermilab,
  OPTkey = 	 {},
  author = 	 {Fermi National Accelerator Laboratory},
  title = 	 {Tevatron},
  howpublished ={\url{http://www.fnal.gov/pub/tevatron/tevatron-accelerator.html}},
  OPTmonth = 	 {},
  OPTyear = 	 {},
  OPTnote = 	 {},
  OPTannote = 	 {}
}

@article{Moore,
    author = {Moore, G. E.},
    doi = {10.1109/jproc.1998.658762},
    issn = {0018-9219},
    journal = {Electronics},
    keywords = {engineeringindustry, fabrication},
    month = apr,
    number = {8},
    pages = {114--117},
    publisher = {IEEE},
    title = {{Cramming More Components onto Integrated Circuits}},
    url = {http://dx.doi.org/10.1109/jproc.1998.658762},
    volume = {38},
    year = {1965}
}

@article{My,
      author         = "My, S.",
      title          = "{The CMS silicon strip tracker}",
      collaboration  = "CMS Silicon Strip Tracker",
      journal        = "Nucl.Instrum.Meth.",
      volume         = "A446",
      pages          = "229-234",
      doi            = "10.1016/S0168-9002(00)00019-X",
      year           = "2000",
      SLACcitation   = "%%CITATION = NUIMA,A446,229;%%",
}

@Article{Nuernberg,
  author = 	 {Nuernberg,A. and Schneider,T.},
  title = 	 {Lorentz angle measurements as part of the sensor R\&D
                  for the CMS Tracker upgrade},
  journal = 	 {Journal of Instrumentation},
  year = 	 {2013},
  OPTkey = 	 {},
  volume = 	 {8},
  number = 	 {C01001},
  OPTpages = 	 {},
  OPTmonth = 	 {},
  OPTnote = 	 {},
  OPTannote = 	 {}
}




@TechReport{CMS_tech,
  author = 	 {Bayatian, G.L. and others},
  title = 	 {CMS physics: Technical design report},
  institution =  {CERN},
  year = 	 {2006},
  number = 	 {CERN-LHCC-2006-001, CMS-TDR-008-1},
}


@INPROCEEDINGS{Perries, 
author={Perries, S.}, 
booktitle={Nuclear Science Symposium Conference Record, 2000 IEEE}, 
title={The CMS central tracker}, 
year={2000}, 
month={}, 
volume={1}, 
pages={3/76-3/77 vol.1}, 
doi={10.1109/NSSMIC.2000.949018}, 
ISSN={1082-3654},}







@TechReport{ATLAS:1997,
  author = 	 {ATLAS Inner Detector Community},
  title = 	 {ATLAS inner detector: Technical design
                  report. Vol. 1},
  institution =  {CERN},
  year = 	 {1997},
  key            = {455672},
  Number   = {CERN-LHCC-97-16, ATLAS-TDR-4},
  OPTnumber = 	 {},
  OPTaddress = 	 {},
  OPTmonth = 	 {},
  OPTnote = 	 {},
  OPTannote = 	 {}
}


@article{Aaltonen,
title = "Operational experience, improvements, and performance of the
                  \{CDF\} Run \{II\} silicon vertex detector ",
journal = "Nuclear Instruments and Methods in Physics Research Section
                  A: Accelerators, Spectrometers, Detectors and
                  Associated Equipment ",
volume = "729",
number = "0",
pages = "153 - 181",
year = "2013",
note = "",
issn = "0168-9002",
doi = "http://dx.doi.org/10.1016/j.nima.2013.07.015",
url = "http://www.sciencedirect.com/science/article/pii/S0168900213009911",
author = "T. Aaltonen et al."
}

@article{Bean,
title = "Status of the D0 Silicon Microstrip Tracker ",
journal = "Nuclear Instruments and Methods in Physics Research Section A: Accelerators, Spectrometers, Detectors and Associated Equipment ",
volume = "466",
number = "2",
pages = "262 - 267",
year = "2001",
note = "4th Int. Symp. on Development and Application of Semiconductor Tracking Detectors ",
issn = "0168-9002",
doi = "http://dx.doi.org/10.1016/S0168-9002(01)00537-X",
url = "http://www.sciencedirect.com/science/article/pii/S016890020100537X",
author = "Alice Bean"
}

@article{Filthaut,
      author         = "Filthaut, F.",
      title          = "{Production and testing of the D0 silicon microstrip
                        tracker}",
      collaboration  = "D0",
      journal        = "IEEE Trans.Nucl.Sci.",
      volume         = "48",
      pages          = "1002-1006",
      doi            = "10.1109/23.958713",
      year           = "2001",
      SLACcitation   = "%%CITATION = IETNA,48,1002;%%",
}


@article{babar_status_2001,
      author         = "Aubert, Bernard and others",
      title          = "{The BaBar detector}",
      collaboration  = "BaBar",
      journal        = "Nucl.Instrum.Meth.",
      volume         = "A479",
      pages          = "1-116",
      doi            = "10.1016/S0168-9002(01)02012-5",
      year           = "2002",
      eprint         = "hep-ex/0105044",
      archivePrefix  = "arXiv",
      primaryClass   = "hep-ex",
      reportNumber   = "SLAC-PUB-8569, BABAR-PUB-01-08",
      SLACcitation   = "%%CITATION = HEP-EX/0105044;%%",
}


@article{babar_tech_report,
      author         = "Boutigny, D. and others",
      title          = "{BaBar technical design report}",
      collaboration  = "BaBar",
      year           = "1995",
      reportNumber   = "SLAC-R-0457, SLAC-R-457, SLAC-0457, SLAC-457,
                        SLAC-R-95-457",
      SLACcitation   = "%%CITATION = SLAC-R-0457 ETC.;%%",
}

@article{BaBar,
title = "The BaBar silicon vertex tracker ",
journal = "Nuclear Instruments and Methods in Physics Research Section A: Accelerators, Spectrometers, Detectors and Associated Equipment ",
volume = "453",
number = "1-2",
pages = "78 - 83",
year = "2000",
note = "Proc. 7th Int. Conf on Instrumentation for colliding Beam Physics ",
issn = "0168-9002",
doi = "http://dx.doi.org/10.1016/S0168-9002(00)00609-4",
url = "http://www.sciencedirect.com/science/article/pii/S0168900200006094",
author = "C Bozzi and al.",
}

@article{Abashian,
title = "The Belle detector ",
journal = "Nuclear Instruments and Methods in Physics Research Section A: Accelerators, Spectrometers, Detectors and Associated Equipment ",
volume = "479",
number = "1",
pages = "117 - 232",
year = "2002",
note = "Detectors for Asymmetric B-factories ",
issn = "0168-9002",
doi = "http://dx.doi.org/10.1016/S0168-9002(01)02013-7",
url = "http://www.sciencedirect.com/science/article/pii/S0168900201020137",
author = "A. Abashian and al."
}

@INPROCEEDINGS{Belle, 
author={Abe et al.}, 
booktitle={Nuclear Science Symposium Conference Record, 2000 IEEE}, 
title={Performance of the Belle silicon vertex detector}, 
year={2000}, 
month={}, 
volume={1}, 
pages={3/70-3/74 vol.1}, 
doi={10.1109/NSSMIC.2000.949016}, 
ISSN={1082-3654},
}

@article{Aleph,
title = "The new ALEPH Silicon Vertex Detector ",
journal = "Nuclear Instruments and Methods in Physics Research Section A: Accelerators, Spectrometers, Detectors and Associated Equipment ",
volume = "409",
number = "1-3",
pages = "157 - 160",
year = "1998",
note = "",
issn = "0168-9002",
doi = "http://dx.doi.org/10.1016/S0168-9002(97)91255-9",
url = "http://www.sciencedirect.com/science/article/pii/S0168900297912559",
author = "D. Creanza et al"
}

@article{Focardi,
title="The ALEPH vertex detector",
journal        = "Nucl.Instrum.Meth.",
volume         = "A386",
pages          = "18-22",
year           = "1997",
doi            = "10.1016/S0168-9002(96)01090-X",
SLACcitation   = "%%CITATION = NUIMA,A386,18;%%",
author         = "Focardi, E."
}

@article{Delphi_a,
title = "The DELPHI Microvertex detector ",
journal = "Nuclear Instruments and Methods in Physics Research Section A: Accelerators, Spectrometers, Detectors and Associated Equipment ",
volume = "328",
number = "3",
pages = "447 - 471",
year = "1993",
note = "",
issn = "0168-9002",
doi = "http://dx.doi.org/10.1016/0168-9002(93)90663-3",
url = "http://www.sciencedirect.com/science/article/pii/0168900293906633",
author = "N. Bingefors et al."
}


@article{Delphi_b,
title = "The \{DELPHI\} Silicon Tracker at LEP2: The \{DELPHI\} Silicon Tracker Group ",
journal = "Nuclear Instruments and Methods in Physics Research Section A: Accelerators, Spectrometers, Detectors and Associated Equipment ",
volume = "412",
number = "2-3",
pages = "304 - 328",
year = "1998",
note = "",
issn = "0168-9002",
doi = "http://dx.doi.org/10.1016/S0168-9002(98)00344-1",
url = "http://www.sciencedirect.com/science/article/pii/S0168900298003441",
author = "P Chochula and al."
}

@article{Mark-II,
     author         = "Adolphsen, Chris and Jacobsen, Robert and Luth, V. and
                       Gratta, Giorgio and Labarga, L. and others",
     title          = "{The MARK-II silicon strip vertex detector}",
     journal        = "Nucl.Instrum.Meth.",
     volume         = "A313",
     pages          = "63-102",
     doi            = "10.1016/0168-9002(92)90086-J",
     year           = "1992",
     reportNumber   = "SLAC-PUB-5443",
     SLACcitation   = "%%CITATION = NUIMA,A313,63;%%",
}

@article{Kemmer_a,
title = "Fabrication of low noise silicon radiation detectors by the planar process ",
journal = "Nuclear Instruments and Methods ",
volume = "169",
number = "3",
pages = "499 - 502",
year = "1980",
note = "",
issn = "0029-554X",
doi = "http://dx.doi.org/10.1016/0029-554X(80)90948-9",
url = "http://www.sciencedirect.com/science/article/pii/0029554X80909489",
author = "J. Kemmer"
}

@article{Sadrozinski,
      author         = "Sadrozinski, H.F.W.",
      title          = "{Applications of silicon detectors}",
      journal        = "IEEE Trans.Nucl.Sci.",
      volume         = "48",
      pages          = "933-940",
      doi            = "10.1109/23.958703",
      year           = "2001",
      SLACcitation   = "%%CITATION = IETNA,48,933;%%",
}

@book{Griffiths,
  added-at = {2009-01-13T13:43:30.000+0100},
  address = {New York, USA},
  author = {Griffiths, D.},
  biburl = {http://www.bibsonomy.org/bibtex/2509ff0ea0f41015ae30ad4cb355c48dc/clange},
  interhash = {ae339ead043b5bfc0c739933e7418412},
  intrahash = {509ff0ea0f41015ae30ad4cb355c48dc},
  keywords = {textbook},
  publisher = {John Wiley \& Sons},
  timestamp = {2012-04-23T15:13:59.000+0200},
  title = {Introduction to Elementary Particles},
  year = 1987
}

@article{Strandlie,
      author         = "Strandlie, Are and Fruhwirth, Rudolf",
      title          = "{Track and vertex reconstruction: From classical to
                        adaptive methods}",
      journal        = "Rev.Mod.Phys.",
      volume         = "82",
      pages          = "1419-1458",
      doi            = "10.1103/RevModPhys.82.1419",
      year           = "2010",
      SLACcitation   = "%%CITATION = RMPHA,82,1419;%%",
}

@book{Fruhwith,
      author        = "Fruhwirth, Rudolf and Regler, Meinhard and Bock, Rudolf K
                       and Grote, H and Notz, D and Regler, Meinhard and
                       Fruhwirth, Rudolf",
      title         = "{Data analysis techniques for high-energy physics; 2nd
                       ed.}",
      publisher     = "Cambridge Univ. Press",
      address       = "Cambridge",
      series        = "Cambridge monographs on particle physics, nuclear physics,
                       and cosmology",
      year          = "2000",
      url           = "https://cds.cern.ch/record/429722",
}

@book{Tully,
      author        = "Tully, Christopher C",
      title         = "{Elementary particle physics in a nutshell}",
      publisher     = "Princeton Univ. Press",
      address       = "Princeton, NJ",
      year          = "2011",
      url           = "https://cds.cern.ch/record/1417476",
}

@misc{Moll,
  OPTkey = 	 {},
  author = 	 {Moll, Michael},
  title = 	 {Charged Particle Tracking in High Energy Physics},
  howpublished = {Presented at the EIRO forum Scholl on Instrumentation},
  OPTmonth = 	 {},
  year = 	 {2011},
  note = 	 {CERN PH-DT},
  OPTannote = 	 {}
}

@misc{Garutti,
  OPTkey = 	 {},
  author = 	 {Garutti, Erika},
  title = 	 {Vertex and Tracking detectors: position and momentum
                  measurement},
  OPThowpublished = {},
  OPTmonth = 	 {},
  year = 	 {2012},
  note = 	 {DESY},
  OPTannote = 	 {}
}

@misc{Hebbeker,
    author  = "Hebbeker, Thomas",
    title   = "{First Results from LHC}",
    howpublished = {},
    year    = 2010,
    note= {RWTH Aachen}
}

@misc{Wells,
    author  = "Wells, Pippa",
    title   = "{Tracking  at  the  LHC}",
    howpublished = {},
    year    = 2011,
    note= {CERN}
}

@misc{Ragusa,
    author  = "Ragusa, Francesco",
    title   = "{An Introduction to Charged Particles Tracking}",
    howpublished = {},
    year    = 2006,
    note= {Italo-Hellenic School of Physics}
}


@article{Hartmann,
      author         = "Hartmann, Frank",
      title          = "{Silicon tracking detectors in high-energy physics}",
      journal        = "Nucl.Instrum.Meth.",
      volume         = "A666",
      pages          = "25-46",
      doi            = "10.1016/j.nima.2011.11.005",
      year           = "2012",
      SLACcitation   = "%%CITATION = NUIMA,A666,25;%%",
}

@book{Grupen,
  title={Particle Detectors},
  author={Grupen, C. and Shwartz, B.},
  isbn={9781139469531},
  series={Cambridge Monographs on Particle Physics, Nuclear Physics and Cosmology},
  url={https://books.google.it/books?id=XCPlJTu3GQkC},
  year={2008},
  publisher={Cambridge University Press}
}

@article{Sadrozinski_a,
      author         = "Sadrozinski, H.F.W. and Seiden, A. and Weinstein, A.J.",
      title          = "{TRACKING AT 1-TeV}",
      journal        = "Nucl.Instrum.Meth.",
      volume         = "A277",
      pages          = "92-109",
      doi            = "10.1016/0168-9002(89)90539-1",
      year           = "1989",
      reportNumber   = "SCIPP-88/24",
      SLACcitation   = "%%CITATION = NUIMA,A277,92;%%",
}

@article{Sadrozinski_b,
      author         = "Sadrozinski, H.F.W. and Seiden, A. and Weinstein, A.J.",
      title          = "{Tracking at the {SSC}/{LHC}}",
      journal        = "Nucl.Instrum.Meth.",
      volume         = "A279",
      pages          = "223-235",
      doi            = "10.1016/0168-9002(89)91085-1",
      year           = "1989",
      reportNumber   = "SCIPP-88/25",
      SLACcitation   = "%%CITATION = NUIMA,A279,223;%%",
}

@article{Sadrozinski_c,
      author         = "Sadrozinski, H.F.W.",
      title          = "{Radiation issues in the Gamma-ray Large Area Space
                        Telescope GLAST}",
      journal        = "Nucl.Instrum.Meth.",
      volume         = "A476",
      pages          = "722-728",
      doi            = "10.1016/S0168-9002(01)01659-X",
      year           = "2002",
      SLACcitation   = "%%CITATION = NUIMA,A476,722;%%",
}

@book{hartmann2009evolution,
  title={Evolution of Silicon Sensor Technology in Particle Physics},
  author={Hartmann, F.},
  isbn={9783540250944},
  lccn={2008936955},
  series={Springer Tracts in Modern Physics},
  url={https://books.google.it/books?id=JmWoecZA1e4C},
  year={2009},
  publisher={Springer}
}

@book{kleinknecht1998detectors,
  title={Detectors for Particle Radiation},
  author={Kleinknecht, K.},
  isbn={9780521648547},
  lccn={98020893},
  url={https://books.google.it/books?id=RI05DW7rtmMC},
  year={1998},
  publisher={Cambridge University Press}
}

@book{fernow1989introduction,
  title={Introduction to Experimental Particle Physics},
  author={Fernow, R.C. and Fernow, R.C.},
  isbn={9780521379403},
  lccn={lc85014931},
  url={https://books.google.it/books?id=WNhMzhm0SscC},
  year={1989},
  publisher={Cambridge University Press}
}

@article{Atwood:1980sc,
      author         = "Atwood, W.B.",
      title          = "{Time-of-flight Measurements}",
      journal        = "Conf.Proc.",
      volume         = "C800728",
      pages          = "287",
      year           = "1980",
      reportNumber   = "SLAC-PUB-2620 C80-07-28-3"
}

@book{Leroy,
  title={Principles of Radiation Interaction in Matter and Detection},
  author={Leroy, C. and Rancoita, P.G.},
  isbn={9789812818270},
  lccn={2010286345},
  url={https://books.google.it/books?id=e5Zh1T8M\_mgC},
  year={2009},
  publisher={World Scientific}
}

@book{Green,
  title={The Physics of Particle Detectors},
  author={Green, D.},
  isbn={9780521662260},
  lccn={99053251},
  series={Cambridge Monographs on Particle Physics, Nuclear Physics and Cosmology},
  url={https://books.google.it/books?id=xjHgxkhHlK0C},
  year={2000},
  publisher={Cambridge University Press}
}

@book{Leo,
  title={Techniques for Nuclear and Particle Physics Experiments: A How-to Approach},
  author={Leo, W.R.},
  isbn={9783642579202},
  lccn={93038494},
  url={https://books.google.it/books?id=yc4qBAAAQBAJ},
  year={2012},
  publisher={Springer Berlin Heidelberg}
}

@book{lutz1999semiconductor,
  title={Semiconductor Radiation Detectors: Device Physics},
  author={Lutz, G.},
  isbn={9783540648598},
  lccn={99014932},
  series={Accelerator Physics Series},
  url={https://books.google.it/books?id=e\_kcjwEH-OwC},
  year={1999},
  publisher={Springer}
}

@article{PDG,
      author         = "Yao, W.M. and others",
      title          = "{Review of Particle Physics}",
      collaboration  = "Particle Data Group",
      journal        = "J.Phys.",
      volume         = "G33",
      pages          = "1-1232",
      doi            = "10.1088/0954-3899/33/1/001",
      year           = "2006",
      SLACcitation   = "%%CITATION = JPAGA,G33,1;%%",
}

@book{Barker,
  title={B-Quark Physics with the LEP Collider: The Development of Experimental Techniques for B-Quark Studies from Z\^{}0-Decay},
  author={Barker, G.J.},
  isbn={9783642052781},
  lccn={2010922801},
  series={Springer Tracts in Modern Physics},
  url={https://books.google.it/books?id=BMO05DCEJx8C},
  year={2010},
  publisher={Springer}
}

@book{Perkins,
  title={Introduction to High Energy Physics},
  author={Perkins, D.H.},
  isbn={9780521621960},
  lccn={98051723},
  url={https://books.google.it/books?id=e63cNigcmOUC},
  year={2000},
  publisher={Cambridge University Press}
}

@book{tavernier2010experimental,
  title={Experimental Techniques in Nuclear and Particle Physics},
  author={Tavernier, S.},
  isbn={9783642008290},
  url={https://books.google.it/books?id=C1GT\_\_RkewUC},
  year={2010},
  publisher={Springer Berlin Heidelberg}
}

@book{sze2006physics,
  title={Physics of Semiconductor Devices},
  author={Sze, S.M. and Ng, K.K.},
  isbn={9780470068304},
  lccn={2007280778},
  url={https://books.google.it/books?id=o4unkmHBHb8C},
  year={2006},
  publisher={Wiley}
}

@article{Stroynowski:1989tu,
      author         = "Stroynowski, R.",
      title          = "{Time-of-flight technique}",
      year           = "1989",
      SLACcitation   = "%%CITATION = INSPIRE-290856;%%",
}

@Misc{LHC,
  OPTkey = 	 {},
  OPTauthor = 	 {},
  title = 	 {http://home.web.cern.ch/topics/large-hadron-collider},
  OPThowpublished = {},
  OPTmonth = 	 {},
  OPTyear = 	 {},
  OPTnote = 	 {},
  OPTannote = 	 {}
}



@article{Turala,
title = "The ATLAS semiconductor tracker ",
journal = "Nuclear Instruments and Methods in Physics Research Section A: Accelerators, Spectrometers, Detectors and Associated Equipment ",
volume = "466",
number = "2",
pages = "243 - 254",
year = "2001",
note = "4th Int. Symp. on Development and Application of Semiconductor Tracking Detectors ",
issn = "0168-9002",
doi = "http://dx.doi.org/10.1016/S0168-9002(01)00535-6",
url = "http://www.sciencedirect.com/science/article/pii/S0168900201005356",
author = "M Turala"
}


@article{ATLASatCERN,
      author         = "Aad, G. and others",
      title          = "{The ATLAS Experiment at the CERN Large Hadron Collider}",
      collaboration  = "ATLAS",
      journal        = "JINST",
      volume         = "3",
      pages          = "S08003",
      doi            = "10.1088/1748-0221/3/08/S08003",
      year           = "2008",
      SLACcitation   = "%%CITATION = JINST,3,S08003;%%",
}

@article{ATLASendcap,
title = "The \{ATLAS\} semiconductor tracker end-cap module ",
journal = "Nuclear Instruments and Methods in Physics Research Section A: Accelerators, Spectrometers, Detectors and Associated Equipment ",
volume = "575",
number = "3",
pages = "353 - 389",
year = "2007",
note = "",
issn = "0168-9002",
doi = "http://dx.doi.org/10.1016/j.nima.2007.02.019",
url = "http://www.sciencedirect.com/science/article/pii/S0168900207003270",
author = "A. Abdesselam et al."
}


@INPROCEEDINGS{ATLASmikuz, 
author={Mikuz, M.}, 
booktitle={Nuclear Science Symposium Conference Record, 2003 IEEE}, 
title={The ATLAS SemiConductor tracker}, 
year={2003}, 
month={Oct}, 
volume={1}, 
pages={546-550 Vol.1}, 
doi={10.1109/NSSMIC.2003.1352102}, 
ISSN={1082-3654}
}


@article{Landau:1944if,
      author         = "Landau, L.",
      title          = "{On the energy loss of fast particles by ionization}",
      journal        = "J. Phys.(USSR)",
      volume         = "8",
      year           = "1944",
      pages          = "201-205",
}

@article{Bichsel:1988if,
      author         = "Bichsel, H.",
      title          = "{Straggling in Thin Silicon Detectors}",
      journal        = "Rev. Mod. Phys.",
      volume         = "60",
      year           = "1988",
      pages          = "663-699",
}

@article{Turchetta:1993vu,
      author         = "Turchetta, R.",
      title          = "{Spatial resolution of silicon microstrip detectors}",
      journal        = "Nucl. Instr. Meth.",
      volume         = "A335",
      year           = "1993",
      pages          = "44-58",
}%