%% Da mettere dove vuoi la bibliografia, togliendo i commenti:
%%
%% \addcontentsline{toc}{chapter}{Bibliografia}
%% \bibliographystyle{unsrt}
%% \bibliography{biblio}
%%


@INCOLLECTION{Young,
  AUTHOR =       {Young, K.~C. and Engen, R.~V. and Bosmans, H.
  and Jacobs, J. and Zanca, F.},
  TITLE =        {{Q}uality {C}ontrol in {D}igital {M}ammography},
  BOOKTITLE =    {Digital Mammography},
  PUBLISHER =    {Springer},
  YEAR =         {2010},
  chapter =      {3},
  pages =        {33--54}
}

@INCOLLECTION{Yaffe:20??,
  AUTHOR =       {Yaffe, M.~J.},
  TITLE =        {{B}asic {P}hysics of {D}igital {M}ammography},
  BOOKTITLE =    {Digital Mammography},
  PUBLISHER =    {Springer},
  YEAR =         {2010},
  chapter =      {1},
  pages =        {1--11}
}



@INCOLLECTION{Yaffe:20!!,
  AUTHOR =       {Yaffe, M.~J.},
  TITLE =        {{D}etectors for {D}igital {M}ammography},
  BOOKTITLE =    {Digital Mammography},
  PUBLISHER =    {Springer},
  YEAR =         {2010},
  chapter =      {2},
  pages =        {13--31}
}




@INCOLLECTION{Prieto,
  AUTHOR =       {Prieto, G. and Chevalier, M. and Guibelalde, E.},
  TITLE =        {A {CDMAM} {I}mage {P}hantom {S}oftware {I}mprovement for {H}uman {O}bserver Assessment},
  BOOKTITLE =    {Lecture Notes in Computer Science},
  PUBLISHER =    {Springer},
  YEAR =         {2008},
  chapter =      {11},
  pages =        {181--187}
}






@MANUAL{Eur2001,
TITLE={{E}uropean {G}uidelines for quality assurance in breast cancer screening},
AUTHOR={Perry, N. and Broeders, M. and de Wolf, C. and Tornberg, S. and Holland, R. and von Karsa, L.},
EDITION={fourth},
YEAR={2001}
}

@MANUAL{Eur,
TITLE={{E}uropean {G}uidelines for quality assurance in breast cancer screening
and diagnosis},
AUTHOR={Perry, N. and Broeders, M. and de Wolf, C. and Tornberg, S. and Holland, R. and von Karsa, L.},
EDITION={fourth},
YEAR={2006}
}

@MANUAL{61223-3-2,
  title =        {61223-3-2: {E}valuation and routine testing in medical imaging
  departments - {P}art 3-2: {A}cceptance test - {I}maging performance of mammographic
  X-ray equipment},
  organization = {International Electrotechnical Commission},
  address =      {Geneva, Switzerland},
  edition =      {2.0},
  year =         {2005}
}


@MANUAL{62220-1-2,
  TITLE =        {62220-1-2: {M}edical electrical equipment - {C}haracteristics of digital {X}-ray
  imaging devices - {P}art 1-2: {D}etermination of the detective quantum efficiency - {M}ammography detectors.},
  organization = {International Electrotechnical Commission},
  address =      {Geneva, Switzerland},
  edition =      {1.0}
  year =         {2006}
}

@MANUAL{62220-1,
  TITLE =        {62220-1: {M}edical electrical equipment - {C}haracteristics of digital {X}-ray
  imaging devices - {D}etermination of the detective quantum efficiency},
  organization = {International Electrotechnical Commission},
  address =      {Geneva, Switzerland},
  edition =      {1.0},
  year =         {2002}
}

@MANUAL{IEC-61267,
  TITLE =        {61267: {M}edical diagnostic {X}-ray equipment-{R}adiation
  conditions for use in the determination of characteristics},
  organization = {International Electrotechnical Commission},
  address =      {Geneva, Switzerland},
  year =         {2003}
}


@INPROCEEDINGS{Young:2006,
  AUTHOR =       {Young, K.~C. and Cooka, J.~J.~H. and Oduko, J.~M. and Bosmansb, H.},
  TITLE =        {Comparison of software and human observers in reading images of
  the {CDMAM} test object to assess digital mammography systems},
  BOOKTITLE =    {Proc. of SPIE},
  YEAR =         {2006},
  volume =       {6142},
  pages =        {1--13}
}





@article{Rivetti:2006,
  title={{Comparison of different commercial {FFDM} units by means of physical
  characterization and contrast-detail analysis}},
  author={Rivetti, S. and Lanconelli, N. and Campanini, R. and Bertolini, M.
  and Borasi, G. and Nitrosi, A. and Danielli, C. and Angelini, L. and Maggi, S.},
  journal={Med. Phys.},
  volume={33},
  pages={4198},
  year={2006}
}

@article{Rivetti:2009,
  title={{Physical and psychophysical characterization of a novel clinical system
  for digital mammography}},
  author={Rivetti, S. and Lanconelli, N. and Bertolini, M. and Borasi, G. and
  Golinelli, P. and Acchiappati, D. and Gallo, E.},
  journal={Med. Phys.},
  volume={36},
  pages={5139},
  year={2009}
}



@article{Ghetti,
  title={{Physical characteristics of {GE} {S}enographe {E}ssential and {DS} digital mammography detectors}},
  author={Ghetti, C. and Borrini, A. and Ortenzia, O. and Rossi, R. and Ordóñez, P.~L.},
  journal={Med. Phys.},
  volume={35},
  pages={456--463},
  year={2008}
}


@article{Thomas,
  title={{Contrast-detail phantom scoring methodology}},
  author={Thomas, J.~A. and Chakrabarti, K. and Kaczmarek, R. and Romanyukha, A.},
  journal={Med. Phys.},
  volume={32},
  pages={807},
  year={2005}
}

@article{Evans,
  title={{A comparison of the imaging properties of {CCD}-based devices used for
  small field digital mammography}},
  author={Evans, D.~S. and Workman, A. and Payne, M.},
  journal={Phys. in Med. and Biol.},
  volume={47},
  pages={117},
  year={2002},
  publisher={IOP Publishing}
}







%-------------------fine capitolo3-----------------------------------------------
%-------------------inizio capitolo2-----------------------------------------------


@ARTICLE{Kallergi,
  AUTHOR =       {Kallergi, M.},
  TITLE =        {Special report: digital mammography--{F}rom theory to practice},
  JOURNAL =      {Cancer Control--Journal of the Moffit Cancer Center},
  YEAR =         {1998}
}

@ARTICLE{Haus:2000,
  AUTHOR =       {Haus, A.~G. and Yaffe, M.~J.},
  TITLE =        {Screen-film and digital mammography},
  JOURNAL =      {The Radiologic Clinics of North America},
  YEAR =         {2000},
  volume =       {38},
  number =       {4},
  pages =        {871--897}
}

@ARTICLE{Monnin:2005,
  AUTHOR =       {Monnin, P. and Gutierrez, D. and Bulling, S. and Lepori, D.
  and Valley, J-F. and Verdun, F.~R.},
  TITLE =        {A comparison of the performance of modern screen-film and digital
  mammography systems},
  JOURNAL =      {Phys. in Med. and Biol.},
  YEAR =         {2005},
  volume =       {50},
  number =       {11},
  pages =        {2617--2631}
}

@INCOLLECTION{Burden,
  AUTHOR =       {Ferlay, J. and Héry, C. and Autier, P. and Sankaranarayanan, R.},
  TITLE =        {Global {B}urden of {B}reast {C}ancer},
  BOOKTITLE =    {Breast Cancer Epidemiology},
  PUBLISHER =    {Springer},
  YEAR =         {2010},
  editor =       {Li, C.~I.},
  volume =       {7},
  chapter =      {1},
  pages =        {1--19}
}

@INCOLLECTION{Biology,
  AUTHOR =       {Phipps, A.~I. and Li, C.~I.},
  TITLE =        {Breast {C}ancer {B}iology and {C}linical {C}haracteristics},
  BOOKTITLE =    {Breast Cancer Epidemiology},
  PUBLISHER =    {Springer},
  YEAR =         {2010},
  editor =       {Li, C.~I.},
  volume =       {7},
  chapter =      {2},
  pages =        {21--46}
}

@INCOLLECTION{Screening_b,
  AUTHOR =       {Kerlikowske, K.},
  TITLE =        {{B}reast {C}ancer {S}creening},
  BOOKTITLE =    {Breast Cancer Epidemiology},
  PUBLISHER =    {Springer},
  YEAR =         {2010},
  editor =       {Li, C.~I.},
  volume =       {7},
  chapter =      {16},
  pages =        {343--369}
}


@TECHREPORT{Guide,
title={A {G}uide to {M}ammography and {O}ther {B}reast {I}maging {P}rocedures},
institution={NCRP REPORT},
year={2004},
NUMBER={149}
}

@BOOK{Situ,
  AUTHOR =       {Bonadonna, G. and Robustelli della Cuna, G. and Valagussa, P.},
  TITLE =        {Medicina oncologica},
  PUBLISHER =    {Masson},
  YEAR =         {2007}
}




@MISC{Microcalcificazioni,
  author =       {http://users.unimi.it/cdu/tesi2002/mauri}
}

%@MISC{Microcalcificazioni,
%  author =       {Mauri, E.~M.~P., Le Lesioni Non Palpabili della Mammella,
%  2002, http://users.unimi.it/cdu/tesi2002/mauri.pdf
%}
%@MISC{Microcalcificazioni,
%  author =       {Mauri, E.~M.~P.},
%  title =        {Le Lesioni Non Palpabili della Mammella},
%  year =         {2002},
%  source =       {http://users.unimi.it/cdu/tesi2002/mauri.pdf}
%}



@book{Storia,
  title={Diagnosis of {D}iseases of the {B}reast},
  author={Bassett, L.~W.},
  year={2005},
  publisher={WB Saunders Co}
}

@book{Webb,
  title={The physics of medical imaging},
  author={Webb, S.},
  year={1988},
  publisher={Taylor \& Francis}
}


@book{Bushberg,
  title={The essential physics of medical imaging},
  author={Bushberg, J.~T. and Seibert, J.~A. and Leidholdt Jr, E.~M.
  and Boone, J.~M. and Goldschmidt Jr, E.~J.},
  year={2003},
  publisher={Lippincott William \& Wilkins}
}



%-------------------------fine capitolo2-----------------------------------

%-------------------------inizio capitolo1-----------------------------------

@book{Screening,
  title={{Breast cancer screening}},
  author={Vainio, H. and Bianchini, F.},
  year={2002},
  volume={7},
  publisher={IARC}
}

@article{Haus:2000,
  title={{Screen-film and digital mammography}},
  author={Haus, A.~G. and Yaffe, M.~J.},
  journal={The Radiologic Clinics of North America},
  volume={38},
  number={4},
  year={2000},
  publisher={Elsevier}
}



@article{Shtern,
  title={{Digital mammography and related technologies: a perspective from the
  {N}ational {C}ancer {I}nstitute.}},
  author={Shtern, F.},
  journal={Radiology},
  volume={183},
  number={3},
  pages={629},
  year={1992},
  publisher={Radiological Society of North America}
}


@article{Vedantham,
  title={{Breast imaging using an amorphous silicon-based full-field digital
  mammographic system: stability of a clinical prototype}},
  author={Vedantham, S. and Karellas, A. and Suryanarayanan, S. and
  D'Orsi, C.~J. and Hendrick, R.~E.},
  journal={Journal of Digital Imaging},
  volume={13},
  number={4},
  pages={191--199},
  year={2000},
  publisher={Springer}
}


@article{Bazzocchi,
  title={Application of a computer-aided detection ({CAD}) system to
  digitalized mammograms for identifying microcalcifications},
  author={Bazzocchi, M. and Facecchia, I. and Zuiani, C. and Londero, V.
  and Smania, S. and Bottigli, U. and Delogu, P.},
  journal={La Radiologia Medica},
  volume={101},
  number={5},
  pages={334},
  year={2001}
}

@book{hashimoto,
  title={{Practical {D}igital {M}ammography}},
  author={Hashimoto, B.},
  year={2007},
  publisher={Thieme Medical Pub}
}


@article{Pisano,
  title={{Current {S}tatus of {F}ull-{F}ield {D}igital {M}ammography}},
  author={Pisano, E.~D.},
  journal={Radiology},
  volume={214},
  number={1},
  pages={26},
  year={2000},
  publisher={Radiological Society of North America}
}


@article{Lewin,
  title={{Clinical comparison of full-field digital mammography and screen-film
  mammography for detection of breast cancer}},
  author={Lewin, J.~M. and D'Orsi, C.~J. and Hendrick, R.~E. and Moss, L.~J.
  and Isaacs, P.~K. and Karellas, A. and Cutter, G.~R.},
  journal={American Journal of Roentgenology},
  volume={179},
  number={3},
  pages={671},
  year={2002},
  publisher={Am Roentgen Ray Soc}
}

@article{Fischmann,
  title={{Comparison of full-field digital mammography and film-screen
  mammography: image quality and lesion detection}},
  author={Fischmann, A. and Siegmann, K.~C. and Wersebe, A. and Claussen, C.~D.
  and Muller-Schimpfle, M.},
  journal={British Journal of Radiology},
  volume={78},
  number={928},
  pages={312},
  year={2005},
  publisher={Br Inst Radiology}
}


@article{Gatsonis,
  title={{Diagnostic performance of digital versus film mammography for
  breast-cancer screening}},
  author={Pisano, E.~D. and Gatsonis, C. and Hendrick, E. and Yaffe, M.
  and Baum, J.~K. and Acharyya, S. and Conant, E.~F. and Fajardo, L.~L. and
  Bassett, L. and D'Orsi, C. and others},
  journal={The New England Journal of Medicine},
  volume={353},
  number={17},
  pages={1773},
  year={2005},
  publisher={Mass Med Soc}
}


@article{Gennaro,
  title={{Dose comparison between screen/film and full-field digital mammography}},
  author={Gennaro, G. and di Maggio, C.},
  journal={Eur. Rad.},
  volume={16},
  number={11},
  pages={2559--2566},
  year={2006},
  publisher={Springer}
}


@article{Rowlands,
  title={{The physics of computed radiography}},
  author={Rowlands, J.~A.},
  journal={Phys. in Med. and Biol.},
  volume={47},
  pages={R123},
  year={2002},
  publisher={IOP Publishing}
}


@book{Leo,
  title={{Techniques for nuclear and particle physics experiments: a how-to approach}},
  author={Leo, W.~R.},
  year={1994},
  publisher={Springer Verlag}
}


@article{Yaffe:2001,
  title={{Digital mammography--detector considerations and new applications}},
  author={Yaffe, M.~J.},
  journal={Nucl. Instr. and Meth. in Phys. Res. A:
  Accelerators, Spectrometers, Detectors and Associated Equipment},
  volume={471},
  number={1--2},
  pages={6--11},
  year={2001},
  publisher={Elsevier}
}


@article{Iniewski,
  title={{X-{R}ay and {C}omputed {T}omography {I}maging {P}rinciples}},
  author={Iniewski, K.},
  journal={Medical Imaging: Principles, Detectors, and Electronics},
  pages={1},
  year={2009},
  publisher={Wiley-Interscience}
}


@phdthesis{Aslund,
  title={{Digital {M}ammography with a {P}hoton {C}ounting {D}etector in a {S}canned
  {M}ultislit {G}eometry}},
  author={{\AA}slund, M.},
  year={2007},
  school={{\AA}slund, Magnus}
}



@MANUAL{NHSBSP,
  TITLE =        {Commissioning and {R}outine {T}esting of {F}ull {F}ield {D}igital {M}ammography
  {S}ystems, {V}ersion 3},
  author =       {Workman, A. and Castellano, I. and Kulama, E. and others},
  organization = {NHS Cancer Screening Programmes},
  year =         {2009}
}



@article{Lazzari,
  title={{Physical characteristics of five clinical systems for digital mammography}},
  author={Lazzari, B. and Belli, G. and Gori, C. and Del Turco, M.~R.},
  journal={Med. Phys.},
  volume={34},
  pages={2730},
  year={2007}
}


@MANUAL{cdmamP,
  TITLE =        {{CDMAM} {P}hantom},
  note =         {Nuclear Associates Model 18-227}
}

@MANUAL{cdmamA,
  TITLE =        {{CDMAM} {A}nalyser {V}ersion 1.1},
  organization = {Artinis Medical Systems BV}
}




@article{Oduko:2006,
  title={{Optimal beam quality selection in digital mammography}},
  author={Young, K.~C. and Oduko, J.~M. and Bosmans, H. and Nijs, K. and Martinez, L.},
  journal={British Journal of Radiology},
  volume={79},
  number={948},
  pages={981},
  year={2006},
  publisher={British Institute of Radiology}
}


@article{Bouwman,
  title={{An alternative method for noise analysis using pixel variance as
  part of quality control procedures on digital mammography systems}},
  author={Bouwman, R. and Young, K. and Lazzari, B. and Ravaglia, V. and
  Broeders, M. and Engen, R.},
  journal={Phys. in Med. and Biol.},
  volume={54},
  pages={6809},
  year={2009},
  publisher={IOP Publishing}
}


@article{Burgess:2004,
  title={{On the noise variance of a digital mammography system}},
  author={Burgess, A.},
  journal={Med. Phys.},
  volume={31},
  pages={1987},
  year={2004}
}


@misc{Cacciatori,
author={Cacciatori, M.},
note={Ospedale S.~Anna, Como},
year={anno accademico 2007/08},
howpublished={dal corso ``Basi Fisiche dell'Imaging
Diagnostico''}
}



@misc{Monti:2007/2008,
author={Monti, A.~F. },
note={Ospedale S.~Anna, Como},
year={anno accademico 2007/08},
howpublished={dal corso ``Basi Fisiche della Radioterapia''}
}

@misc{Ostinelli:2007/2008,
author={Ostinelli, A.~R. },
note={Ospedale S.~Anna, Como},
year={anno accademico 2007/08},
howpublished={dal corso ``Elementi di Dosimetria e Radioprotezione''}
}


@article{Young,
  title={Quality {C}ontrol in {D}igital {M}ammography}},
  author={Young, K.~C. and Engen, R.~V. and Bosmans, H. and Jacobs, J. and Zanca, F.},
  journal={Digital Mammography},
  pages={33--54},
  year={2010},
  publisher={Springer}
}


@article{Cowen,
  title={{Direct digital mammography image acquisition}},
  author={Cowen, A.~R. and Parkin, G.~J.~S. and Hawkridge, P.},
  journal={Eur. Rad.},
  volume={7},
  number={6},
  pages={918--930},
  year={1997},
  publisher={Springer}
}


@article{Yaffe:2005,
  title={{Digital Mammography}},
  author={Pisano, E.~D. and Yaffe, M.~J.},
  journal={Radiology},
  volume={234},
  number={2},
  pages={353},
  year={2005},
  publisher={Radiological Society of North America}
}


@conference{Irisawaa:2009,
author = {Irisawa, K. and Yamane, K. and Imai, S. and Ogawa, M. and
Shouji, T. and Agano, T. and Hosoi, Y. and Hayakawa, T.},
editor = {Ehsan Samei and Jiang Hsieh},
collaboration = {},
title = {Direct-conversion 50 $\mu$m pixel-pitch detector for digital
mammography using amorphous selenium as a photoconductive switching
layer for signal charge readout},
publisher = {SPIE},
year = {2009},
journal = {Medical Imaging 2009: Physics of Medical Imaging},
volume = {7258},
number = {1},
eid = {72581I},
numpages = {10},
pages = {72581I},
location = {Lake Buena Vista, FL, USA},
url = {http://link.aip.org/link/?PSI/7258/72581I/1},
doi = {10.1117/12.811314}
}


@incollection{Chan,
AUTHOR={Chan, H.~P. and},
PUBLISHER={Karellas, A. and Giger, M.~L.},
EDITOR={RSNA, Oak Brook, IL},
TITLE={{Computer-aided Diagnosis for Screening Mammography}},
BOOKTITLE={Categorical Course in Diagnostic Radiology Physics},
PAGES={191-204},
YEAR={2004}
}


@misc{cdmam,
    title={{Artinis CDMAM Analyser}},
    site={http://www.artinis.com/cdmamanalyser_description.htm}
}


@article{Bosmans,
  title={Image quality measurements and metrics in full field digital
  mammography: an overview},
  author={Bosmans, H. and Carton, A.~K. and Rogge, F. and Zanca, F.
  and Jacobs, J. and Van Ongeval, C. and Nijs, K. and Van Steen, A. and Marchal, G.},
  journal={Radiation protection dosimetry},
  volume={117},
  number={1-3},
  pages={120},
  year={2005},
  publisher={NTP}
}


@article{Berns2002,
  title={{Performance comparison of full-field digital mammography
  to screen--film mammography in clinical practice}},
  author={Berns, E.~A. and Hendrick, R.~E. and Cutter, G.~R.},
  journal={Med. Phys.},
  volume={29},
  pages={830},
  year={2002}
}



@TECHREPORT{Addendum,
  AUTHOR =       {Van Engen,R. and Young,K.C. and Bosmans,H. and Thijssen,M.},
  TITLE =        {{Addendum on Digital Mammography}},
  INSTITUTION =  {European Commission},
  YEAR =         {2003},
  number =       {ver. 1.0}
}



@TECHREPORT{Screening_c,
  AUTHOR =       {Pro Format Comunicazione},
  TITLE =        {{Lo screening mammografico in Italia}},
  INSTITUTION =  {Osservatorio Nazionale Screening},
  YEAR =         {2007}
}


@article{Rothenberg,
  title={{Physicists in mammography - A historical perspective}},
  author={Rothenberg, L.~N. and Haus, A.~G.},
  journal={Med. Phys.},
  volume={22},
  pages={1923},
  year={1995}
}


@ARTICLE{Samei:2003,
  AUTHOR =       {Samei, E.},
  TITLE =        {Performance of digital radiographic detectors:
  quantification and assessment methods},
  JOURNAL =      {Radiology},
  YEAR =         {2007},
  volume =       {243},
  number =       {3}
}

@ARTICLE{Hoheisel,
  AUTHOR =       {Hoheisel, M. and Bätz, L. and Mertelmeier, T. and
  Giersch, J. and Korn, A.},
  TITLE =        {{Modulation Transfer Function of a selenium-based digital mammography
  system}},
  JOURNAL =      {IEEE Transactions on Nuclear science},
  YEAR =         {2004},
  volume =       {53},
  number =       {3},
  pages =        {1118-1122}
}



@ARTICLE{DroegeI,
  AUTHOR =       {Droege, R.~T. and Rzeszotarski, M.~S.},
  TITLE =        {{An MTF method immune to aliasing}},
  JOURNAL =      {Med. Phys.},
  YEAR =         {1985},
  volume =       {12},
  number =       {6},
  pages =        {721-725}
}

@ARTICLE{DroegeII,
  AUTHOR =       {Droege, R.~T. and Morin, R.~L.},
  TITLE =        {{A practical method to measure the MTF of CT scanners}},
  JOURNAL =      {Med. Phys.},
  YEAR =         {1982},
  volume =       {9},
  number =       {5},
  pages =        {758-760}
}


@ARTICLE{Fujita,
  AUTHOR =       {Fujita, H. and Tsai, D. and Itoh, T. and Doi, K. and Morishita,
  J. and Ueda, K. and Ohtsuka, A.},
  TITLE =        {A simple method for determining the modulation transfer function in
  digital radiography},
  JOURNAL =      {IEEE Transactions on Medical Imaging},
  YEAR =         {1992},
  volume =       {11},
  number =       {1},
  pages =        {34-39}
}

@ARTICLE{Samei:1998,
  AUTHOR =       {Samei, E. and Flynn, M.~J.},
  TITLE =        {{A method for measuring the presampled MTF of digital radiographic
  systems using an edge test device}},
  JOURNAL =      {Med. Phys.},
  YEAR =         {1998},
  volume =       {25},
  number =       {1},
  pages =        {102-112}
}


@ARTICLE{Law,
  AUTHOR =       {Law, J.},
  TITLE =        {Risk and benefit associated with radiation dose in breast
  screening programmes - an update},
  JOURNAL =      {British Journal of Radiology},
  YEAR =         {1995},
  number =       {68},
  pages =        {870-876}
}

@ARTICLE{Dance,
  AUTHOR =       {Dance, D.~R. and Skinner, C.~L. and Carlsson, G.~A.},
  TITLE =        {Breast dosimetry},
  JOURNAL =      {Applied Radiation and Isotopes},
  YEAR =         {1999},
  number =       {50},
  pages =        {185-203}
}

@ARTICLE{Geise,
  AUTHOR =       {Geise, R.~A. and Palchevsky, A.},
  TITLE =        {Composition of mammographic phantom materials},
  JOURNAL =      {Radiology},
  YEAR =         {1996},
  number =       {198},
  pages =        {342-350}
}

@ARTICLE{Karlsson,
  AUTHOR =       {Karlsson, M. and Nygren, K. and Wickman, G. and Hettinger, G.},
  TITLE =        {Absorbed dose in mammary radiography},
  JOURNAL =      {Acta radiologica therapy physics and biology},
  YEAR =         {1976},
  number =       {15},
  pages =        {252-258}
}

@MANUAL{ICRP,
  TITLE =        {{Annals of the ICRP}},
  organization = {International Commission on Radiological Protection},
  edition =      {ICRP},
  year =         {1987}
}


@ARTICLE{Dance:2000,
  AUTHOR =       {Dance, D.~R. and Skinner, C.~L. and Young, K.~C. and Beckett,
  J.~R. and Kotre, C.~J.},
  TITLE =        {{Additional factors for the estimation of mean glandular breast
  dose using the UK mammography dosimetry protocol}},
  JOURNAL =      {Phys. in Med. and Biol.},
  YEAR =         {2000},
  number =       {45},
  pages =        {3225-3240}
}


@ARTICLE{Chevalier,
  AUTHOR =       {Chevalier, M. and Morán, P. and Ten, J.~I. and Soto,
  J.~M.~F and Cepeda, T. and Vañó, E.},
  TITLE =        {Patient dose in digital mammography},
  JOURNAL =      {Med. Phys.},
  YEAR =         {2004},
  volume =       {31},
  number =       {9},
  pages =        {2471-2479}
}

@MISC{Analyser,
  author =       {Artinis Medical System},
  title =        {{CDMAM Analyser}},
  year =         {2007},
  note =         {version 1.1}
}



@MANUAL{capitolatoGIOTTO,
  TITLE =        {{Apparecchiatura per mammografia digitale GIOTTO Image 3D/3DL}},
  organization = {IMS},
  address =      {via SAGITTARIO, 5 40037 - Pontecchio Marconi - Bologna - ITALY},
}


@BOOK{knoll,
  AUTHOR =       {Knoll, G.~F.},
  TITLE =        {{Radiation Detection and Measurement}},
  PUBLISHER =    {John Wiley and Sons, Inc.},
  YEAR =         {1999}
}



@MISC{fcr
}



@MANUAL{Barracuda,
  TITLE = {{Manuale Barracuda, QABrowser Versione 1.0A, http://www.rti.se/barracuda}}
}






@ARTICLE{Holdsworth,
  AUTHOR =       {Holdsworth, D.~W. and Gerson, R.~K. and Fenster, A.},
  TITLE =        {A time-delay integration charge-coupled device camera
  for slot-scanned digital radiography},
  JOURNAL =      {Med. Phys.},
  YEAR =         {1990},
  volume =       {17},
  number =       {5},
  pages =        {876--886}
}



@BOOK{Scientific,
  AUTHOR =       {Janesick, J.~R.},
  TITLE =        {Scientific charge-coupled devices},
  PUBLISHER =    {SPIE-The International Society for Optical Engineering},
  YEAR =         {2001}
}



@article{Muller,
  title={{Full-field digital mammography designed as a complete system}},
  author={Muller, S.},
  journal={European Journal of Radiology},
  volume={31},
  pages={25--34},
  year={1999},
  publisher={Elsevier}
}

@article{Mali
  title={{Silicon  microstrip detectors for digital
  mammography - evaluation and spatial resolution study}},
  author={Mali, T. and Cindro, V. and Mikuz, M.},
  journal={Nucl. Instr. and Meth. in Phys. Res. A},
  volume={460},
  pages={76--80},
  year={2001},
  publisher={Elsevier}
}


@misc{Prest,
author={Prest, M. },
note={{Università degli Studi dell'Insubria, Como}},
year={anno accademico 2007/08},
howpublished={{dal corso ``Fisica di Rivelatori''}}
}


@PHDTHESIS{tesiPrest,
  AUTHOR =       {Prest, M.},
  TITLE =        {{SYRMEP: alle frontiere della mammografia digitale}},
  SCHOOL =       {{Università degli Studi di Trieste}},
  YEAR =         {1997},
  type =         {{Tesi di Dottorato di Ricerca in Fisica {IX} Ciclo}}
}




@MISC{cromosomi,
  author ={http://www.cancer.gov/cancertopics/factsheet/Risk/BRCA}
}
